@misc{mnist,
  author={LeCun, Yann and Cortes, Corinna and J.C. Burges, Christopher},
  title={The MNist Database of handwritten digits},
  url={http://yann.lecun.com/exdb/mnist/}
}

@incollection{alexnet,
title = {ImageNet Classification with Deep Convolutional Neural Networks},
author = {Alex Krizhevsky and Sutskever, Ilya and Hinton, Geoffrey E},
booktitle = {Advances in Neural Information Processing Systems 25},
editor = {F. Pereira and C. J. C. Burges and L. Bottou and K. Q. Weinberger},
pages = {1097--1105},
year = {2012},
publisher = {Curran Associates, Inc.},
url = {http://papers.nips.cc/paper/4824-imagenet-classification-with-deep-convolutional-neural-networks.pdf}
}

@misc{convnets,
title = {Lecture 5: Convolutional Neural Networks},
author = {Fei-Fei, Li and Johnson, Justin and Yeung, Serena},
url = {http://cs231n.stanford.edu/slides/2017/cs231n_2017_lecture5.pdf}
}

@misc{tutorial,
title = {MNIST For ML Beginners},
author = {Google Brain Team},
url = {https://www.tensorflow.org/versions/r1.2/get_started/mnist/beginners}}

@misc{alexnet-features,
title = {Deep Learning for Image Recognition: why it’s challenging, where we’ve been, and what’s next},
author = {George Seif},
url = {https://towardsdatascience.com/deep-learning-for-image-classification-why-its-challenging-where-we-ve-been-and-what-s-next-93b56948fcef}}

@misc{tutorial-cnn,
title = {Deep MNIST for Experts},
author = {Google Brain Team},
url = {https://www.tensorflow.org/versions/r1.2/get_started/mnist/pros}}

@article { lecun-98,
original =    "orig/lecun-98.ps.gz",
author = 	"LeCun, Y. and Bottou, L. and Bengio, Y. and Haffner, P.",
title = 	"Gradient-Based Learning Applied to Document Recognition",
journal =	"Proceedings of the IEEE",
month =         "November",
volume =        "86",
number =        "11",
pages =         "2278-2324",
year =		1998
}

@article{DBLP:journals/corr/abs-1202-2745,
  author    = {Dan C. Ciresan and
               Ueli Meier and
               J{\"{u}}rgen Schmidhuber},
  title     = {Multi-column Deep Neural Networks for Image Classification},
  journal   = {CoRR},
  volume    = {abs/1202.2745},
  year      = {2012},
  url       = {http://arxiv.org/abs/1202.2745},
  archivePrefix = {arXiv},
  eprint    = {1202.2745},
  timestamp = {Wed, 07 Jun 2017 14:41:03 +0200},
  biburl    = {https://dblp.org/rec/bib/journals/corr/abs-1202-2745},
  bibsource = {dblp computer science bibliography, https://dblp.org}
}

@inproceedings { jarrett-iccv-09,
 original = "orig/jarrett-iccv-09.pdf",
 title = "What is the Best Multi-Stage Architecture for Object Recognition?",
 author = "Jarrett, Kevin and Kavukcuoglu, Koray and Ranzato, {Marc'Aurelio} and LeCun, Yann",
 booktitle = "Proc. International Conference on Computer Vision (ICCV'09)",
 publisher = "IEEE",
 year = "2009"
}

@inproceedings{ ranzato-cvpr-07,
original = "orig/ranzato-cvpr-07.pdf",
author = "Ranzato, {Marc'Aurelio} and Huang, {Fu-Jie} and Boureau, {Y-Lan} and LeCun, Yann",
title = "Unsupervised Learning of Invariant Feature Hierarchies with Applications to Object Recognition",
booktitle = "Proc. Computer Vision and Pattern Recognition Conference (CVPR'07)",
publisher = "IEEE Press",
year = 2007
}

@article{goodfellow2016nips,
  title={NIPS 2016 tutorial: Generative adversarial networks},
  author={Goodfellow, Ian},
  journal={arXiv preprint arXiv:1701.00160},
  year={2016}
}

@article{srivastava2014dropout,
  title={Dropout: A simple way to prevent neural networks from overfitting},
  author={Srivastava, Nitish and Hinton, Geoffrey and Krizhevsky, Alex and Sutskever, Ilya and Salakhutdinov, Ruslan},
  journal={The Journal of Machine Learning Research},
  volume={15},
  number={1},
  pages={1929--1958},
  year={2014},
  publisher={JMLR. org}
}